@online{conociendo,
    title = "Conociendo la memoria RAM",
    url  = "https://siaguanta.com/c-tecnologia/tipos-de-memoria-informatica/",
    addendum = "(accessed: 01.09.2016)",
    keywords = "latex,knuth"
}
@online{dos,
    title = "Memoria RAM",
    url  = "https://concepto.de/memoria-ram/",
    addendum = "(accessed: 01.09.2016)",
    keywords = "latex,knuth"
}
@Documento{Doc,
    title = "A. Salazar, Taller - Nociones de la memoria del computador (2020)"
}